@Book{Verbeek2017,
  title     = {A Guide to Modern Econometrics},
  publisher = {John Wiley \& Sons},
  year      = {2017},
  author    = {Verbeek, M.},
  address   = {Rotterdam School of Management, Erasmus University, Rotterdam},
  edition   = {Fifth},
}